@article{mattingly2006comparative,
  title={The Comparative Toxicogenomics Database ({CTD}): a resource for comparative toxicological studies},
  author={Mattingly, CJ and Rosenstein, MC and Colby, GT and Forrest Jr, JN and Boyer, JL},
  journal={Journal of Experimental Zoology Part A: Comparative Experimental Biology},
  volume={305},
  number={9},
  pages={689--692},
  year={2006},
  publisher={Wiley Online Library}
}

@article{draghici2007systems,
	Author = {Dr\v{a}ghici, Sorin and Khatri, Purvesh and Tarca, Adi L and Amin, Kashyap and Done, Arina and Voichi\c{t}a, C\u{a}lin and Georgescu, Constantin and Romero, Roberto},
	Journal = {Genome Research},
	Number = {10},
	Pages = {1537--1545},
	Pmcid = {PMC1987343},
	Pmid = {17785539},
	Publisher = {Cold Spring Harbor Lab},
	Title = {A systems biology approach for pathway level analysis},
	Volume = {17},
	Year = {2007}}

@manual{voichitaROntoTools,
	Author = {Voichi\c{t}a, C\u{a}lin and Dr{\u{a}}ghici, Sorin},
	Date-Modified = {2015-09-29 00:46:56 +0000},
	Note = {R package},
	Title = {ROntoTools: R Onto-Tools suite},
	Year={2013}
	}


@techreport{kegg,
	Author = {KEGG},
	Date-Added = {2013-03-07 16:17:28 +0000},
	Date-Modified = {2013-03-07 16:17:30 +0000},
	Institution = {Kyoto University},
	Title = {{Kyoto Encyclopedia of Genes and Genomes}},
	Year = {2001}}


@article{wishart2006drugbank,
  title={{DrugBank}: a comprehensive resource for in silico drug discovery and exploration},
  author={Wishart, David S and Knox, Craig and Guo, An Chi and Shrivastava, Savita and Hassanali, Murtaza and Stothard, Paul and Chang, Zhan and Woolsey, Jennifer},
  journal={Nucleic Acids Research},
  volume={34},
  number={suppl 1},
  pages={D668--D672},
  year={2006},
  publisher={Oxford Univ Press}
}